% This file was created with JabRef 2.4.2.
% Encoding: UTF8

@ARTICLE{quanjing,
  author = {曲安京},
  title = {商高、趙爽與劉徽關於勾股定理的證明},
  journal = {數學傳播},
  year = {1998},
  volume = {20},
  number = {3},
  owner = {milksea},
  timestamp = {2009.05.14}
}

@MANUAL{asyman,
  title = {Asymptote: the Vector Graphics Language},
  author = {Andy Hammerlindl and John Bowman and Tom Prince},
  edition = {1.70},
  year = {2009},
  note = {这是 Asymptote 的官方手册。milksea 给出了文档的一个翻译，见 \url{http://code.google.com/p/asy4cn/}。},
  owner = {milksea},
  timestamp = {2009.05.13}
}

@comment{jabref-meta: selector_publisher:}

@comment{jabref-meta: selector_author:}

@comment{jabref-meta: selector_journal:}

@comment{jabref-meta: selector_keywords:}

