@booklet{bibtex,
	title = {{Tame the BeaST: The B to X of Bib\TeX}},
	author = {Nicolas Markey},
	url = {http://www.ctan.org/tex-archive/info/bibtex/tamethebeast/},
}

@manual{fonts,
	title = {{Fonts in \ConTeXt}},
	author = {PRAGMA},
	url = {http://context.aanhet.net/svn/contextman/context-reference/en/co-fonts.pdf},
}

@booklet{Taco,
	title = {{Bibliographies}},
	author = {Taco Hoekwater},
	url = {http://modules.contextgarden.net/bib},
}

@booklet{TacoCTXWiki,
	title = {{Bibliography}},
	author = {Taco Hoekwater},
	url = {http://wiki.contextgarden.net/Bibliography},
}

@booklet{widgets,
	title = {{WIDGETS uncovered}},
	author = {PRAGMA},
	url = {http://pragma-ade.com/general/manuals/mwidget-s.pdf},
}

@manual{cont-eni,
	title = {{\ConTeXt the manual}},
	author = {PRAGMA},
	url = {http://www.pragma-ade.com/general/manuals/cont-eni.pdf},
}

@manual{ms-cb-en,
	title = {{\ConTeXt an excursion}},
	author = {PRAGMA},
	url = {http://www.pragma-ade.com/general/manuals/ms-cb-en.pdf},
}

@manual{metafun,
	title = {{METAFUN}},
	author = {Hans Hagen},
	url = {http://www.pragma-ade.com/general/manuals/metafun-s.pdf},
}

@manual{lnotes,
	title = {{\LATEX 学习笔记}},
	author = {Alpha Huang},
	url = {http://www.ctan.org/tex-archive/info/lnotes/lnotes.pdf},
}
