% This file was created with JabRef 2.3.1.
% Encoding: UTF8

@MISC{CTeX_FAQ,
  author = {中国TeX用户组},
  title = {{CTeX}常见问题集},
  year = {2005},
  owner = {Alpha},
  timestamp = {2008.04.01},
  url = {http://www.ctex.org/CTeXFAQ/}
}

@MANUAL{Lee_2004,
  title = {大家来学LaTeX},
  author = {李果正},
  year = {2004},
  owner = {Alpha},
  review = {good},
  timestamp = {2008.04.11},
  url = {http://edt1023.sayya.org/tex/latex123/}
}

@MANUAL{Lee_2004a,
  title = {我的CJK},
  author = {李果正},
  year = {2004},
  owner = {Alpha},
  timestamp = {2008.05.12},
  url = {http://edt1023.sayya.org/tex/mycjk/}
}

@BOOK{Zhang_1997,
  title = {数学的思想、方法和应用},
  publisher = {北京大学},
  year = {1997},
  author = {张顺燕},
  review = {good}
}

@MANUAL{AMS_2002,
  title = {amsmath User's Guide},
  author = {AMS},
  year = {2002},
  owner = {Alpha},
  review = {good},
  timestamp = {2008.04.01},
  url = {http://www.ams.org/tex/amslatex.html}
}

@MANUAL{AMS_short_2002,
  title = {Short Math Guide for LaTeX},
  author = {AMS},
  year = {2002},
  owner = {Alpha},
  timestamp = {2008.04.01},
  url = {http://www.ams.org/tex/amslatex.html}
}

@BOOK{ATT_1989,
  title = {Unix System V/386 Release 3.2: User's Guide},
  publisher = {Prentice Hall},
  year = {1989},
  author = {AT\&T},
  review = {common}
}

@BOOK{Baker_1984,
  title = {A Concise Introduction to the Theory of Numbers},
  publisher = {Cambridge University},
  year = {1984},
  author = {Alan Baker},
  owner = {Alpha},
  review = {hard},
  timestamp = {2007.06.05}
}

@BOOK{Baker_1997,
  title = {Practical Stylist with Readings and Handbook, 8th Edition},
  publisher = {Longman},
  year = {1997},
  author = {Sheridan Baker},
  owner = {Alpha},
  timestamp = {2008.05.20},
  url = {http://www.amazon.com/exec/obidos/tg/detail/-/0321011821/}
}

@BOOK{Benz_2005,
  title = {Morningstar Guide to Mutual Funds},
  publisher = {Wiley},
  year = {2005},
  author = {Christine Benz},
  owner = {Alpha},
  review = {common},
  timestamp = {2007.11.29}
}

@BOOK{Black_2001,
  title = {The Complete Photo Guide to Home Improvement},
  publisher = {Black \& Decker},
  year = {2001},
  editor = {Philip Schmidt},
  author = {Black},
  owner = {Alpha},
  review = {good},
  timestamp = {2007.10.30}
}

@BOOK{Brighton_2003,
  title = {Introducing Artificial Intelligence},
  publisher = {Totem},
  year = {2003},
  author = {Brighton, Henry and Selina, Howard},
  review = {Good}
}

@BOOK{Camerson_1998,
  title = {Sets, Logic and Categories},
  publisher = {Springer},
  year = {1998},
  author = {Peter J. Camerson},
  owner = {Alpha},
  review = {common},
  timestamp = {2007.07.27}
}

@BOOK{Campbell_2006,
  title = {Zero to Zillionaire},
  publisher = {Sourcebooks},
  year = {2006},
  author = {Chellie Campbell},
  owner = {Alpha},
  review = {bad},
  timestamp = {2007.05.18}
}

@MANUAL{Carlisle_2004,
  title = {The longtable Package},
  author = {David Carlisle},
  year = {2004},
  owner = {Alpha},
  timestamp = {2008.05.13},
  url = {http://www.ctan.org/pkg/longtable}
}

@MANUAL{Carlisle_2001,
  title = {The colortbl Package},
  author = {David Carlisle},
  year = {2001},
  owner = {Alpha},
  timestamp = {2008.05.13},
  url = {http://tug.ctan.org/tex-archive/macros/latex/contrib/colortbl/}
}

@BOOK{Castro_2006,
  title = {HTML, XHTML, and CSS, 6th Edition},
  publisher = {Peachpit},
  year = {2006},
  author = {Elizabeth Castro},
  owner = {Alpha},
  review = {Good for beginners},
  timestamp = {2008.02.06}
}

@MANUAL{Daly_2007,
  title = {Natural Sciences Citations and References},
  author = {Patrick W. Daly},
  year = {2007},
  owner = {Alpha},
  timestamp = {2008.04.01},
  url = {http://www.mps.mpg.de/software/latex/localtex/localltx.html}
}

@BOOK{Ducharme_1994,
  title = {The Operating Systems Handbook: Unix, Openvms, Os/400, Vm, and MVS},
  publisher = {McGraw-Hill},
  year = {1994},
  author = {Ducharme, Bob},
  review = {good}
}

@BOOK{Dunphy_1991,
  title = {The Unix Industry: Evolution, Concepts, Architecture, Applications,
	and Standards},
  publisher = {QED},
  year = {1991},
  author = {Dunphy, Ed},
  review = {poor}
}

@BOOK{Elmaghraby_1978,
  title = {Activity Networks},
  publisher = {John Wiley \& Sons},
  year = {1978},
  author = {Elmaghraby, Salah Eldin},
  review = {good}
}

@BOOK{Black_2005,
  title = {Home Improvement 101},
  publisher = {Black \& Decker},
  year = {2005},
  author = {Jerri Farris and Thomas Lemmer},
  owner = {Alpha},
  review = {good},
  timestamp = {2007.10.30}
}

@MANUAL{Fear_2005,
  title = {Publication Quality Tables in LaTeX},
  author = {Simon Fear},
  year = {2005},
  owner = {Alpha},
  timestamp = {2008.04.01},
  url = {http://www.ctan.org/tex-archive/macros/latex/contrib/booktabs/}
}

@BOOK{Flanagan_2006,
  title = {JavaScript: The Definitive Guide, 5th Edition},
  publisher = {O'Reilly},
  year = {2006},
  author = {David Flanagan},
  owner = {Alpha},
  review = {good but complex},
  timestamp = {2008.02.08}
}

@BOOK{Gamow_1988,
  title = {One Two Three... Infinity: Facts and Speculations of Science},
  publisher = {Dover},
  year = {1988},
  author = {Gamow, George},
  review = {good}
}

@BOOK{Geisst_2000,
  title = {100 Years of Wall Street},
  publisher = {McGraw-Hill},
  year = {2000},
  author = {Charles R. Geisst},
  owner = {Alpha},
  review = {good},
  timestamp = {2007.05.30}
}

@MISC{UKTUG_FAQ,
  author = {UK TeX User Group},
  title = {{UK List of TeX Frequently Asked Questions}},
  owner = {Alpha},
  timestamp = {2008.04.01},
  url = {http://www.tex.ac.uk/faq/}
}

@BOOK{Gratzer_2007,
  title = {More Math into LaTeX},
  publisher = {Springer},
  year = {2007},
  author = {George Grätzer},
  edition = {4th},
  owner = {Alpha},
  timestamp = {2008.04.01},
  url = {http://www.amazon.com/exec/obidos/tg/detail/-/0387322892/}
}

@BOOK{Mobil_2006,
  title = {Mobil Travel Guide: Northern Plains 2007},
  publisher = {Mobil Travel Guide},
  year = {2006},
  author = {Mobil Travel Guide},
  owner = {Alpha},
  review = {common},
  timestamp = {2007.12.09}
}

@BOOK{Gulbransen_2000,
  title = {Complete Idiot's Guide to XML},
  publisher = {Alpha},
  year = {2000},
  author = {Gulbransen, David},
  review = {good}
}

@BOOK{Hardy_1979,
  title = {An Introduction to the Theory of Numbers},
  publisher = {Oxford University},
  year = {1979},
  author = {G.H. Hardy and E.M. Wright},
  owner = {Alpha},
  review = {hard},
  timestamp = {2007.06.05}
}

@BOOK{Harrison_1997,
  title = {A Survival Guide to Critical Path Analysis},
  publisher = {Butterworth-Heinemann},
  year = {1997},
  author = {Harrison, Andrew},
  review = {Simple but good}
}

@BOOK{Higham_1998,
  title = {Handbook of Writing for the Mathematical Sciences},
  publisher = {Society for Industrial and Applied Mathematics},
  year = {1998},
  author = {Nicholas J. Higham},
  owner = {Alpha},
  review = {great},
  timestamp = {2008.05.20},
  url = {http://www.siam.org/books/ot63/}
}

@MANUAL{Hobby_2007,
  title = {MetaPost: A User's Manual},
  author = {John D. Hobby},
  year = {2007},
  owner = {Alpha},
  timestamp = {2008.04.01},
  url = {http://www.ctan.org/tex-archive/graphics/metapost/}
}

@BOOK{Johnson_1998,
  title = {Elements of Logic via Numbers and Sets},
  publisher = {Springer},
  year = {1998},
  author = {D.L. Johnson},
  owner = {Alpha},
  review = {good},
  timestamp = {2007.07.27}
}

@BOOK{Jones_2007,
  title = {Elementary Number Theory},
  publisher = {Springer},
  year = {1998},
  author = {Gareth A. Jones and J. Mary Jones},
  owner = {Alpha},
  review = {good, detailed},
  timestamp = {2007.07.17}
}

@BOOK{Kennedy_2007,
  title = {Resumes for Dummies},
  publisher = {Wiley},
  year = {2007},
  author = {Joyce Lain Kennedy},
  owner = {Alpha},
  review = {common},
  timestamp = {2008.02.06}
}

@MANUAL{Kern_2007,
  title = {Extending LaTeX's Color Facilities: The xcolor Package},
  author = {Uwe Kern},
  organization = {CTAN},
  year = {2007},
  owner = {Alpha},
  timestamp = {2008.04.30},
  url = {http://www.ukern.de/tex/xcolor.html}
}

@BOOK{Kidd_1994,
  title = {Agile Manufacturing: Forging New Frontiers},
  publisher = {Pearson Education},
  year = {1994},
  author = {Kidd, Paul T.}
}

@BOOK{Kline_1990,
  title = {Mathematical Thought from Ancient to Modern Times},
  publisher = {Oxford University},
  year = {1990},
  author = {Kline, Morris},
  review = {good but too long. 2004/09/20}
}

@MANUAL{Markey_2005,
  title = {Tame the BeaST: The B to X of BibTeX},
  author = {Nicolas Markey},
  organization = {CTAN},
  year = {2005},
  owner = {Alpha},
  timestamp = {2008.05.07},
  url = {http://www.ctan.org/tex-archive/info/bibtex/tamethebeast/}
}

@BOOK{Meyer_2001,
  title = {Matrix Analysis and Applied Linear Algebra},
  publisher = {Society for Industrial and Applied Mathematics},
  year = {2001},
  author = {Carl D. Meyer},
  owner = {Alpha},
  review = {great},
  timestamp = {2008.05.21},
  url = {http://www.matrixanalysis.com/}
}

@BOOK{Miller_2005,
  title = {Furniture: World Styles From Classical to Contemporary},
  publisher = {DK Adult},
  year = {2005},
  author = {Judith Miller},
  owner = {Alpha},
  review = {good},
  timestamp = {2007.11.29}
}

@BOOK{Better_2004,
  title = {Decks Step-by-Step},
  publisher = {Better Homes \& Gardens},
  year = {2004},
  author = {Martin Miller},
  owner = {Alpha},
  timestamp = {2007.10.30}
}

@BOOK{Mitchell_2003,
  title = {Trees of North America},
  publisher = {Thunder Bay},
  year = {2003},
  author = {Alan Mitchell and David More},
  owner = {Alpha},
  review = {good},
  timestamp = {2007.12.09}
}

@BOOK{Mittelbach_2004,
  title = {The LaTeX Companion (Tools and Techniques for Computer Typesetting)},
  publisher = {Addison-Wesley},
  year = {2004},
  author = {Frank Mittelbach and Michel Goossens and Johannes Braams and David
	Carlisle and Chris Rowley},
  edition = {2nd},
  owner = {Alpha},
  review = {good},
  timestamp = {2008.04.01},
  url = {http://www.amazon.com/exec/obidos/tg/detail/-/0201362996/}
}

@BOOK{Moder_1995,
  title = {Project Management with CPM, Pert \& Precedence Diagramming},
  publisher = {Blitz},
  year = {1995},
  author = {Moder, Joseph J. and Phillips, Cecil R. and Davis, Edward W.},
  review = {good}
}

@BOOK{Morley_1999,
  title = {The History of Furniture},
  publisher = {Bulfinch},
  year = {1999},
  author = {John Morley},
  owner = {Alpha},
  review = {common},
  timestamp = {2007.11.29}
}

@BOOK{Nisenfeld_1989,
  title = {Artificial Intelligence Handbook: Applications},
  publisher = {Instrumentation Systems},
  year = {1989},
  author = {Nisenfeld, A. Eli}
}

@MANUAL{Oetiker_2008,
  title = {A (Not So) Short Introduction to LaTeX2e},
  author = {Tobias Oetiker},
  year = {2008},
  owner = {Alpha},
  review = {good},
  timestamp = {2008.04.01},
  url = {http://www.ctan.org/tex-archive/info/lshort/english/}
}

@MANUAL{Oostrum_2004,
  title = {Page Layout in LaTeX},
  author = {Piet van Oostrum},
  year = {2004},
  owner = {Alpha},
  timestamp = {2008.04.01},
  url = {http://tug.ctan.org/tex-archive/macros/latex/contrib/fancyhdr/}
}

@BOOK{Ore_1967,
  title = {Invitation to Number Theory},
  publisher = {Mathematical Association of America},
  year = {1967},
  author = {Oystein Ore},
  owner = {Alpha},
  review = {good, fun},
  timestamp = {2007.07.11}
}

@MANUAL{Pakin_2008,
  title = {The Comprehensive LaTeX Symbol List},
  author = {Scott Pakin},
  year = {2008},
  owner = {Alpha},
  timestamp = {2008.04.01},
  url = {http://www.ctan.org/tex-archive/info/symbols/comprehensive/}
}

@MANUAL{Patashnik_1988,
  title = {BibTeXing},
  author = {Oren Patashnik},
  year = {1988},
  owner = {Alpha},
  timestamp = {2008.04.01},
  url = {http://www.ctan.org/tex-archive/biblio/bibtex/contrib/doc/}
}

@BOOK{Pogue_1997,
  title = {Classical Music for Dummies},
  publisher = {Hungry Minds},
  year = {1997},
  author = {David Pogue and Scott Speck},
  owner = {Alpha},
  review = {good},
  timestamp = {2007.12.09}
}

@MANUAL{Rahtz_2006,
  title = {Hypertext Marks in LaTeX: A Manual for hyperref},
  author = {Sebastian Rahtz and Heiko Oberdiek},
  year = {2006},
  owner = {Alpha},
  timestamp = {2008.04.01},
  url = {http://www.tug.org/applications/hyperref/}
}

@MANUAL{Reckdahl_2006,
  title = {Using Imported Graphics in LaTeX and pdfLaTeX},
  author = {Keith Reckdahl},
  year = {2006},
  owner = {Alpha},
  timestamp = {2008.04.01},
  url = {http://www.ctan.org/tex-archive/info/epslatex/english/}
}

@BOOK{Robbins_2006,
  title = {Web Design in a Nutshell, 3rd Edition},
  publisher = {O'Reilly},
  year = {2006},
  author = {Jennifer Niederst Robbins},
  owner = {Alpha},
  review = {great},
  timestamp = {2008.02.19}
}

@BOOK{Robinson_2003,
  title = {An Introduction to Abstract Algebra},
  publisher = {Walter De Gruyter},
  year = {2003},
  author = {Derek J.S. Robinson},
  owner = {Alpha},
  review = {good},
  timestamp = {2007.07.28}
}

@MANUAL{Rokicki_2005,
  title = {Dvips: A DVI-to-PostScript Translator},
  author = {Tomas Rokicki},
  year = {2005},
  owner = {Alpha},
  timestamp = {2008.05.12},
  url = {http://tug.org/texinfohtml/dvips.html}
}

@BOOK{Ross_2000,
  title = {Introduction to Probalility Models},
  publisher = {Harcort},
  year = {2000},
  author = {Ross, Sheldon M.},
  edition = {7th Edition},
  review = {good}
}

@BOOK{Rowling_2005,
  title = {Harry Potter and the Half-Blood Prince},
  publisher = {Bloomsbury},
  year = {2005},
  author = {J. K. Rowling},
  owner = {Alpha},
  review = {good},
  timestamp = {2007.05.16}
}

@BOOK{Rowling_2003,
  title = {Harry Potter and the Order of the Phoenix},
  publisher = {Bloomsbury},
  year = {2003},
  author = {J. K. Rowling},
  owner = {Alpha},
  review = {good},
  timestamp = {2007.05.16}
}

@BOOK{Rowling_2000,
  title = {Harry Potter and the Goblet of Fire},
  publisher = {Bloomsbury},
  year = {2000},
  author = {J. K. Rowling},
  owner = {Alpha},
  review = {good},
  timestamp = {2007.05.16}
}

@BOOK{Rowling_1999,
  title = {Harry Potter and the Prisoner of Azkaban},
  publisher = {Bloomsbury},
  year = {1999},
  author = {J. K. Rowling},
  owner = {Alpha},
  review = {good},
  timestamp = {2007.05.16}
}

@BOOK{Rowling_1998,
  title = {Harry Potter and the Chamber of Secrets},
  publisher = {Bloomsbury},
  year = {1998},
  author = {J. K. Rowling},
  owner = {Alpha},
  review = {good},
  timestamp = {2007.05.16}
}

@BOOK{Rowling_1997,
  title = {Harry Potter and the Philosopher's Stone},
  publisher = {Bloomsbury},
  year = {1997},
  author = {J. K. Rowling},
  owner = {Alpha},
  review = {good},
  timestamp = {2007.05.16}
}

@BOOK{Sardar_1999,
  title = {Introducing Mathematics},
  publisher = {Icon},
  year = {1999},
  author = {Sardar, Ziauddin and Ravetz, Jerry and Loon, Borin Van},
  review = {great}
}

@BOOK{Schulman_1992,
  title = {Introduction to UNIX},
  publisher = {Que},
  year = {1992},
  author = {Schulman, Mark},
  review = {good}
}

@BOOK{Sheldon_2000,
  title = {The Sky is Falling},
  publisher = {HarperCollins},
  year = {2000},
  author = {Sidney Sheldon},
  owner = {Alpha},
  review = {good},
  timestamp = {2007.07.05}
}

@BOOK{Sidney_1997,
  title = {The Best laid Plans},
  publisher = {Warner Books},
  year = {1997},
  author = {Sidney Sheldon},
  owner = {Alpha},
  review = {good},
  timestamp = {2007.05.16}
}

@BOOK{Sidney_1992,
  title = {The Stars Shine Down},
  publisher = {Warner Books},
  year = {1992},
  author = {Sidney Sheldon},
  owner = {Alpha},
  review = {good},
  timestamp = {2007.05.16}
}

@BOOK{Sheldon_1985,
  title = {If Tomorrow Comes},
  publisher = {Morrow},
  year = {1985},
  author = {Sidney Sheldon},
  owner = {Alpha},
  review = {good},
  timestamp = {2007.07.02}
}

@BOOK{Smith_1998,
  title = {Introductory Mathematics: Algebra and Analysis},
  publisher = {Springer},
  year = {1998},
  author = {Geoff Smith},
  owner = {Alpha},
  review = {good, light},
  timestamp = {2007.07.13}
}

@BOOK{Solow_1990,
  title = {How to Read and Do Proofs},
  publisher = {Wiley},
  year = {1990},
  author = {Daniel Solow},
  edition = {2nd},
  owner = {Alpha},
  review = {good},
  timestamp = {2007.07.25}
}

@BOOK{Strang_2005,
  title = {Linear Algebra and Its Applications, 4th Edition},
  publisher = {Brooks Cole},
  year = {2005},
  author = {Giblert Strang},
  owner = {Alpha},
  timestamp = {2008.06.09},
  url = {http://www.amazon.com/exec/obidos/tg/detail/-/0030105676/}
}

@BOOK{Strang_2003,
  title = {Introduction to Linear Algebra, 3rd Edition},
  publisher = {Wellesley Cambridge},
  year = {2003},
  author = {Giblert Strang},
  owner = {Alpha},
  review = {common},
  timestamp = {2008.06.09},
  url = {http://www.amazon.com/exec/obidos/tg/detail/-/0961408898/}
}

@BOOK{Strunk_2005,
  title = {Elements of Style Illustrated},
  publisher = {Penguin},
  year = {2005},
  author = {William Strunk and Elwyn B. White},
  owner = {Alpha},
  timestamp = {2008.06.10},
  url = {http://en.wikipedia.org/wiki/Elements_of_Style}
}

@MANUAL{Tantau_2008,
  title = {TikZ and PGF Manual},
  author = {Till Tantau},
  year = {2008},
  owner = {Alpha},
  timestamp = {2008.04.01},
  url = {http://sourceforge.net/projects/pgf/}
}

@MANUAL{Tantau_2007,
  title = {User Guide to Beamer},
  author = {Till Tantau},
  year = {2007},
  owner = {Alpha},
  timestamp = {2008.04.01},
  url = {http://latex-beamer.sourceforge.net/}
}

@BOOK{Tolkien_ROK_1988,
  title = {The Return of The King},
  publisher = {Houghton Mifflin},
  year = {1988},
  author = {J.R.R. Tolkien},
  owner = {Alpha},
  review = {good},
  timestamp = {2007.05.16}
}

@BOOK{Tolkien_TT_1988,
  title = {The Two Towers},
  publisher = {Houghton Mifflin},
  year = {1988},
  author = {J.R.R. Tolkien},
  owner = {Alpha},
  review = {good},
  timestamp = {2007.05.16}
}

@BOOK{Tolkien_Hobbit_1976,
  title = {The Hobbit},
  publisher = {Ballantine},
  year = {1976},
  author = {Tolkien, J.R.R.},
  review = {good}
}

@BOOK{Tolkien_FOR_1988,
  title = {The Fellowship of the Ring},
  publisher = {Houghton Mifflin},
  year = {1988},
  author = {J. R. R. Tolkien},
  owner = {Alpha},
  review = {good},
  timestamp = {2007.05.16}
}

@BOOK{Tuthill_1990,
  title = {Knowledge Engineering: Concepts and Practices for Knowledge-Based
	Systems},
  publisher = {Tab Professional \& Reference},
  year = {1990},
  author = {Tuthill, G. Steven}
}

@BOOK{Tyson_2004,
  title = {Mutual Funds for Dummies},
  publisher = {Wiley},
  year = {2004},
  author = {Eric Tyson},
  owner = {Alpha},
  review = {common},
  timestamp = {2007.05.17}
}

@BOOK{Tyson_2001,
  title = {Home Buying for Dummies},
  publisher = {Wiley},
  year = {2001},
  author = {Eric Tyson},
  owner = {Alpha},
  review = {good},
  timestamp = {2007.06.03}
}

@BOOK{Valade_2004,
  title = {PHP and MySQL for Dummies},
  publisher = {John Wiley \& Sons},
  year = {2004},
  author = {Valade, Janet},
  edition = {2nd Edtion}
}

@BOOK{Wallis_2000,
  title = {A Beginner's Guide to Graph Theory},
  publisher = {Birkhauser},
  year = {2000},
  author = {Wallis, W.D.},
  edition = {1st Edition}
}

@BOOK{Wels_2001,
  title = {Domain Names for Dummies},
  publisher = {Hungry Minds},
  year = {2001},
  author = {Susan Wels},
  owner = {Alpha},
  review = {good},
  timestamp = {2008.02.06}
}

@MANUAL{Wicks_1999,
  title = {Dvipdfm User's Manual},
  author = {Mark A. Wicks},
  year = {1999},
  owner = {Alpha},
  timestamp = {2008.05.12},
  url = {http://gaspra.kettering.edu/dvipdfm/}
}

@BOOK{Winston_1984,
  title = {Artificial Intelligence},
  publisher = {Addison-Wesley},
  year = {1984},
  author = {Winston, Patrick Henry},
  edition = {2nd Edittion},
  review = {good}
}

@BOOK{Wolf_2005,
  title = {A Tour through Mathematical Logic},
  publisher = {Mathematical Association of America},
  year = {2005},
  author = {Robert S. Wolf},
  owner = {Alpha},
  review = {good},
  timestamp = {2007.07.18}
}

@BOOK{Yen_1998,
  title = {Fuzzy Logic: Intelligence, Control, and Information},
  publisher = {Prentice Hall},
  year = {1998},
  author = {Yen, John and Langari, Reza}
}

@MANUAL{Zandt_2007,
  title = {PSTricks User's Guide},
  author = {Timothy van Zandt},
  year = {2007},
  owner = {Alpha},
  timestamp = {2008.04.01},
  url = {http://www.ctan.org/tex-archive/graphics/pstricks/base/doc/}
}

@BOOK{Zhang_1999,
  title = {State Space Search: Algorithms, Complexity, Extensions, and Applications},
  publisher = {Springer},
  year = {1999},
  author = {Zhang, Weixiong}
}

@BOOK{Chicago_2003,
  title = {Chicago Manual of Style, 15th Edition},
  publisher = {University of Chicago},
  year = {2003},
  editor = {UCP},
  owner = {Alpha},
  timestamp = {2008.06.10},
  url = {http://en.wikipedia.org/wiki/Chicago_Manual_of_Style}
}

